<?xml version="1.0" encoding="UTF-8"?><collection xmlns="http://www.loc.gov/MARC21/slim"><record><leader>00539nam--2200181-i-4500</leader><controlfield tag="001">000042064</controlfield><controlfield tag="002">20161230</controlfield><controlfield tag="005">20170103003619</controlfield><controlfield tag="008">060222s1000------------r-----000-0-eng-d</controlfield><datafield ind1=" " ind2=" " tag="080"><subfield code="a">621.039.519</subfield></datafield><datafield ind1=" " ind2=" " tag="100"><subfield code="a">Paiano Sobrinho, Silvestre</subfield></datafield><datafield ind1=" " ind2=" " tag="245"><subfield code="a">Estudo preliminar dos parametros de difuso da agua para neutrons termicos pelo metodo da fonte pulsada</subfield></datafield><datafield ind1=" " ind2=" " tag="260"><subfield code="a">Sao Paulo</subfield><subfield code="b">Inst.De Energia Atomica</subfield><subfield code="c">1965</subfield></datafield><datafield ind1=" " ind2=" " tag="300"><subfield code="a">14 p</subfield></datafield><datafield ind1=" " ind2=" " tag="490"><subfield code="a">Publ.Iaea</subfield></datafield><datafield ind1=" " ind2=" " tag="700"><subfield code="a">Carvalho, Myrian De</subfield></datafield><datafield ind1=" " ind2=" " tag="852"><subfield code="a">18971</subfield></datafield><datafield ind1=" " ind2=" " tag="CAT"><subfield code="a">SYS</subfield><subfield code="c">20170103</subfield><subfield code="h">003619</subfield></datafield></record></collection>